% references.bib
% references file

@misc{angular,
  title ={AngularJS},
  howpublished ={https://angular.io/},
  note = {Accessed: 2019-03-20}
}

@misc{react-big-picture,
  title ={React: The Big Picture},
  howpublished ={https://app.pluralsight.com/library/courses/react-big-picture/table-of-contents},
  note = {Accessed: 2019-03-20}
}

@misc{reactjs,
  title ={ReactJS},
  howpublished ={https://reactjs.org/},
  note = {Accessed: 2019-03-20}
}

@misc{reactjs-parts,
  title ={ReactJS},
  howpublished ={https://react.parts/},
  note = {Accessed: 2019-03-20}
}

@misc{reactjs-plugins,
  title ={What are the most popular React plugins?},
  howpublished ={https://www.quora.com/What-are-the-most-popular-React-plugins },
  note = {Accessed: 2019-03-20}
}

@misc{reactjs-vs-angular,
  title ={ReactJS},
  howpublished ={https://medium.com/\@TechMagic/reactjs-vs-angular5-vs-vue-js-what-to-choose-in-2018-b91e028fa91d},
  note = {Accessed: 2019-03-20}
}

@misc{spring-boot,
  title ={Spring Boot Framework},
  howpublished ={https://spring.io},
  note = {Accessed: 2019-03-29}
}

@misc{apache-tomcat,
  title ={Apache Tomcat},
  howpublished ={http://tomcat.apache.org},
  note = {Accessed: 2019-03-29}
}

@misc{gpsd4j,
  title ={gpsd4j},
  howpublished ={https://github.com/ivkos/gpsd4j},
  note = {Accessed: 2019-03-29}
}
